@InProceedings{	  babiak.13.spin,
  author	= {Tom{\'a}{\v{s}} Babiak and Thomas Badie and Alexandre
		  Duret-Lutz and Mojm{\'i}r K{\v{r}}et{\'i}nsk{\'y} and Jan
		  Strej{\v{c}}ek},
  title		= {Compositional Approach to Suspension and Other
		  Improvements to {LTL} Translation},
  booktitle	= {Proceedings of the 20th International SPIN Symposium on
		  Model Checking of Software (SPIN'13)},
  year		= 2013,
  volume	= {7976},
  series	= {Lecture Notes in Computer Science},
  pages		= {81--98},
  month		= jul,
  publisher	= {Springer}
}